@misc{mikolov_2013_word2vec,
  author = {Mikolov, Tomas and Chen, Kai and Corrado, Greg and Dean, Jeffrey},
  month = {01},
  title = {Efficient Estimation of Word Representations in Vector Space},
  url = {https://arxiv.org/abs/1301.3781},
  urldate = {2024-10-23},
  year = {2013},
  organization = {arXiv.org}
}

@misc{grover_2016_node2vec,
  author = {Grover, Aditya and Leskovec, Jure},
  month = {07},
  title = {node2vec: Scalable Feature Learning for Networks},
  url = {https://arxiv.org/abs/1607.00653},
  urldate = {2024-10-23},
  year = {2016},
  organization = {arXiv.org}
}

@misc{huang_soccer_networks,
  author = {Huang, Evan and Segarra, Santiago and Gallino, Santiago and Ribeiro, Alejandro},
  title = {How to Find the Right Player for your Soccer Team?},
  urldate = {2024-10-23}
}


@article{rahimian_2023,
  author  = {Rahimian, Pegah and Van Haaren, Jan and Toka, Laszlo},
  month   = {02},
  pages   = {174795412311544},
  title   = {Towards maximizing expected possession outcome in soccer},
  doi     = {10.1177/17479541231154494},
  year    = {2023},
  journal = {International Journal of Sports Science & Coaching}
}
